@book{carrera2014finite,
  title={Finite element analysis of structures through unified formulation},
  author={Carrera, Erasmo and Cinefra, Maria and Petrolo, Marco and Zappino, Enrico},
  year={2014},
  publisher={John Wiley \& Sons}
}

@article{carrera2013use,
  title={Use of Lagrange multipliers to combine 1D variable kinematic finite elements},
  author={Carrera, Erasmo and Pagani, Alfonso and Petrolo, Marco},
  journal={Computers \& Structures},
  volume={129},
  pages={194--206},
  year={2013},
  publisher={Elsevier}
}

@book{carrera2011beam,
  title={Beam structures: classical and advanced theories},
  author={Carrera, Erasmo and Giunta, Gaetano and Petrolo, Marco},
  year={2011},
  publisher={John Wiley \& Sons}
}

@article{carrera2010refined,
  title={Refined beam elements with arbitrary cross-section geometries},
  author={Carrera, E and Giunta, G and Nali, P and Petrolo, M},
  journal={Computers \& structures},
  volume={88},
  number={5-6},
  pages={283--293},
  year={2010},
  publisher={Elsevier}
}